@article{inie2020interaction,
  title={How Interaction Designers Use Tools to Manage Ideas},
  author={Inie, Nanna and Dalsgaard, Peter},
  journal={ACM Transactions on Computer-Human Interaction (TOCHI)},
  volume={27},
  number={2},
  pages={1--26},
  year={2020},
  publisher={ACM New York, NY, USA}
}
@inproceedings{devlin2014fast,
  title={Fast and robust neural network joint models for statistical machine translation},
  author={Devlin, Jacob and Zbib, Rabih and Huang, Zhongqiang and Lamar, Thomas and Schwartz, Richard and Makhoul, John},
  booktitle={Proceedings of the 52nd Annual Meeting of the Association for Computational Linguistics (Volume 1: Long Papers)},
  pages={1370--1380},
  year={2014}
}

@book{aoett,
  title={Automatically Ordering Events and Times in Text},
  author={Leon Derczynski},
  year={2016},
  publisher={Springer}
}
@phdthesis{steedman,
  title={The formal description of musical perception},
  author={Steedman, Mark},
  year={1972},
  school={The University of Edinburgh}
}
@misc{reviewing,
  title={How NOT to review a paper: The tools and techniques of the adversarial reviewer},
  author={Graham Cormode},
  year={2008},
  howpublished={AT\&T}
}